@article{hinton2015distilling,
  title   = {Distilling the knowledge in a neural network},
  author  = {Hinton, Geoffrey and Vinyals, Oriol and Dean, Jeff},
  journal = {arXiv preprint arXiv:1503.02531},
  year    = {2015}
}